@InProceedings{spejd,
  author =       "Adam Przepiórkowski and Aleksander Buczyński",
  title =        "$\spadesuit$: Shallow Parsing and Disambiguation Engine",
  booktitle =    "Proceedings of the 3rd Language \& Technology
                  Conference",
  address =      "Poznań",
  year =         2007}

@InProceedings{tagset,
    author =       "Adam Przepiórkowski and Marcin Woliński",
    title =        "A~Flexemic Tagset for {P}olish",
    booktitle =    "Proceedings of \emph{{M}orphological Processing of {S}lavic
        Languages}, {EACL}~2003",
year =         2003,
keywords =     "POS tagging, corpus of Polish"}
  


@misc{wsxmlrpc,
year = 2001,
title = {\mbox{Apache XML\dywiz RPC}},
howpublished = {\url{http://ws.apache.org/xmlrpc/}},
type = {web page},
author = {\mbox{The Apache Software Foundation}},
note = {retrieved 2009-09-06}
}

@misc{appengine,
year = 2008,
title = {\mbox{Google App Engine}},
howpublished = {\url{http://code.google.com/appengine/}},
type = {web page},
author = {\mbox{Google Inc.}},
note = {retrieved 2009-09-06}
}

@misc{gwt,
year = 2006,
title = {\mbox{Google Web Toolkit}},
howpublished = {\url{http://code.google.com/webtoolkit/}},
type = {web page},
author = {\mbox{Google Inc.}},
note = {retrieved 2009-09-06}
}

@misc{servlets,
year = 1994,
title = {\mbox{Java Servlets Technology}},
howpublished = {\url{http://java.sun.com/products/servlet/}},
type = {web page},
author = {\mbox{Sun Microsystems Inc.}},
note = {retrieved 2009-09-06}
}

@techreport{xmlrpc,
  author = {Dave Winer},
  institution = {Userland Software},
  interHash = {7cae145035525018c865750c5e5dd384},
  intraHash = {0780c3b08f509b6e459803f65044024a},
  title = {{XML/RPC} Specification},
  url = {http://www.xmlrpc.com/spec},
  year = {1999},
  abstract = {XML-RPC is a Remote Procedure Calling protocol that works over the Internet.

An XML-RPC message is an HTTP-POST request. The body of the request is in XML. A procedure executes on the server and the value it returns is also formatted in XML.

Procedure parameters can be scalars, numbers, strings, dates, etc.; and can also be complex record and list structures.}
}

@ARTICLE{takipi,
 author = {Maciej Piasecki},
 title = {Polish Tagger {TaKIPI}: Rule Based Construction and Optimisation},
 journal = {Task Quarterly},
 year = {2007},
 volume = {11},
 pages = {151--167},
 number = {1--2}
}

@techreport{takipiws,
 author = {Maciej Piasecki},
  institution = {Wrocław University of Technology},
  title = {Tagger TaKIPI Web Service},
  url = {http://plwordnet.pwr.wroc.pl/clarin/ws/takipi/},
  year = {2009}
}

%  author = {Dave Winer},
